@inproceedings{ieee1998ieee,
  title={Ieee recommended practice for software requirements specifications},
  author={IEEE Computer Society. Software Engineering Standards Committee and IEEE-SA Standards Board},
  year={1998},
  organization={Institute of Electrical and Electronics Engineers}
}

@book{united1994mil,
  title={MIL-STD-498: Software Development and Documentation},
  author={United States. Department of Defense},
  year={1994},
  publisher={Department of Defense}
}

@book{DoD91,
  title={Software Technology Plan: Volume II Plan of Action},
  author={United States. Department of Defense},
  year={1991},
  publisher={Department of Defense}
}

@incollection{maler2008checking,
  title={Checking temporal properties of discrete, timed and continuous behaviors},
  author={Maler, Oded and Nickovic, Dejan and Pnueli, Amir},
  booktitle={Pillars of computer science},
  pages={475--505},
  year={2008},
  publisher={Springer}
}

@techreport{kapinski2016st,
  title={ST-Lib: A Library for Specifying and Classifying Model Behaviors},
  author={Kapinski, James and Jin, Xiaoqing and Deshmukh, Jyotirmoy and Donze, Alexandre and Yamaguchi, Tomoya and Ito, Hisahiro and Kaga, Tomoyuki and Kobuna, Shunsuke and Seshia, Sanjit},
  year={2016},
  institution={SAE Technical Paper}
}

@article{james1999unified,
  title={The unified modeling language reference manual},
  author={James, Rumbaugh and Ivar, Jacobson and Grady, Booch and others},
  journal={Reading: Addison Wesley},
  year={1999}
}

@MISC{sysml,
    title  = "SysML.",
    Note   = "\url{http://www.omgsysml.org/}",
}

@MISC{specpatterns,
    title  = "SpecPatterns.",
    Note   = "\url{http://patterns.projects.cs.ksu.edu/}",
}

@MISC{acceleo,
    title  = "Acceleo.",
    Note   = "\url{http://www.eclipse.org/acceleo/}",
}
@MISC{uppaal,
    title  = "UPPAAL.",
    Note   = "\url{http://www.uppaal.org/}",
}

@article{pnueli1992temporal,
  title={The temporal logic of reactive and concurrent systems},
  author={Pnueli, Amir and Manna, Zohar},
  journal={Springer},
  volume={16},
  pages={12},
  year={1992},
  publisher={Springer}
}

@book{manna2012temporal,
  title={Temporal verification of reactive systems: safety},
  author={Manna, Zohar and Pnueli, Amir},
  year={2012},
  publisher={Springer Science \& Business Media}
}

@article{clarke2008design,
  title={Design and synthesis of synchronization skeletons using branching time temporal logic},
  author={Clarke, Edmund and Emerson, E},
  journal={25 Years of Model Checking},
  pages={196--215},
  year={2008},
  publisher={Springer}
}

@article{alur1996benefits,
  title={The benefits of relaxing punctuality},
  author={Alur, Rajeev and Feder, Tom{\'a}s and Henzinger, Thomas A},
  journal={Journal of the ACM (JACM)},
  volume={43},
  number={1},
  pages={116--146},
  year={1996},
  publisher={ACM}
}

@article{bals2017,
  title={Generation of Simulink monitors for Control Applications from formal Requirements},
  author={Balsini,Alessio  and Di Natale,Marco and Celia, Marco and Tsachouridis,Vassilios},
  booktitle={Proc of the IEEE SIES Conference},
  year={2017},
  organization={IEEE}
}

@incollection{maler2004monitoring,
  title={Monitoring temporal properties of continuous signals},
  author={Maler, Oded and Nickovic, Dejan},
  booktitle={Formal Techniques, Modelling and Analysis of Timed and Fault-Tolerant Systems},
  pages={152--166},
  year={2004},
  publisher={Springer}
}

@book{eisner2007practical,
  title={A practical introduction to PSL},
  author={Eisner, Cindy and Fisman, Dana},
  year={2007},
  publisher={Springer Science \& Business Media}
}

@techreport{ieee2005ieee,
  title={IEEE standard for property specification language (PSL)},
  author={IEEE-Commission and others},
  year={2005},
  institution={Technical report, IEEE, 2005. IEEE Std 1850-2005}
}

@inproceedings{dwyer1998property,
  title={Property specification patterns for finite-state verification},
  author={Dwyer, Matthew B and Avrunin, George S and Corbett, James C},
  booktitle={Proceedings of the second workshop on Formal methods in software practice},
  pages={7--15},
  year={1998},
  organization={ACM}
}

@techreport{kapinski2016st,
  title={ST-Lib: A Library for Specifying and Classifying Model Behaviors},
  author={Kapinski, James and Jin, Xiaoqing and Deshmukh, Jyotirmoy and Donze, Alexandre and Yamaguchi, Tomoya and Ito, Hisahiro and Kaga, Tomoyuki and Kobuna, Shunsuke and Seshia, Sanjit},
  year={2016},
  institution={SAE Technical Paper}
}

@inproceedings{benveniste2007multiple,
  title={Multiple viewpoint contract-based specification and design},
  author={Benveniste, Albert and Caillaud, Beno{\^\i}t and Ferrari, Alberto and Mangeruca, Leonardo and Passerone, Roberto and Sofronis, Christos},
  booktitle={International Symposium on Formal Methods for Components and Objects},
  pages={200--225},
  year={2007},
  organization={Springer}
}

@inproceedings{benvenuti2008contract,
  title={A contract-based formalism for the specification of heterogeneous systems},
  author={Benvenuti, Luca and Ferrari, Alberto and Mangeruca, Leonardo and Mazzi, Emanuele and Passerone, Roberto and Sofronis, Christos},
  booktitle={Specification, Verification and Design Languages, 2008. FDL 2008. Forum on},
  pages={142--147},
  year={2008},
  organization={IEEE}
}

@inproceedings{mangeruca2013formalization,
  title={Formalization and completeness of evolving requirements using contracts},
  author={Mangeruca, Leonardo and Ferrante, Orlando and Ferrari, Alberto},
  booktitle={Industrial Embedded Systems (SIES), 2013 8th IEEE International Symposium on},
  pages={120--129},
  year={2013},
  organization={IEEE}
}

@article{vlissides1995design,
  title={Design patterns: Elements of reusable object-oriented software},
  author={Vlissides, John and Helm, Richard and Johnson, Ralph and Gamma, Erich},
  journal={Reading: Addison-Wesley},
  volume={49},
  number={120},
  pages={11},
  year={1995}
}


@MISC {balsrepo,
    title  = "Alessio Balsini Repo.",
    Note   = "\url{https://github.com/balsini/SignalTemplateLibraryAutogen/}",
}

@MISC {Simulink,
    title  = "Simulink.",
    Note   = "\url{http://www.mathworks.com/products/simulink/}",
}

@MISC {Scade,
    title  = "Scade.",
    Note   = "\url{http://www.esterel-technologies.com/products/scade-suite/}",
}
@MISC {Labview,
    title  = "NI Labview.",
    Note   = "\url{http://www.ni.com/labview/}",
}
@MISC {Modeler,
    title  = "Modeler.",
    Note   = "\url{http://www.mathworks.com/products/simulink/}",
}
@MISC {Scicos,
    title  = "Scicos.",
    Note   = "\url{http://www.scicos.org/}",
}
% -- -- --

@MISC {emc2artemis,
    title  = "Artemis EMC2 European Project.",
    Note   = "\url{http://www.artemis-emc2.eu/}",
}

@INPROCEEDINGS{multipartes, 
 author={S. Trujillo and A. Crespo and A. Alonso}, 
 booktitle={2013 Euromicro Conference on Digital System Design}, 
 title={MultiPARTES: Multicore Virtualization for Mixed-Criticality Systems}, 
 year={2013}, 
 pages={260-265}, 
 doi={10.1109/DSD.2013.37}, 
 month={Sept},}
 
@article{popek1974formal,
  title={Formal requirements for virtualizable third generation architectures},
  author={Popek, Gerald J and Goldberg, Robert P},
  journal={Communications of the ACM},
  volume={17},
  number={7},
  pages={412--421},
  year={1974},
  publisher={ACM},
}

@incollection{Kleidermacher2013,
title = "Chapter 7 - System Virtualization in Multicore Systems ",
editor = "Moyer, Bryon ",
booktitle = "Real World Multicore Embedded Systems ",
publisher = "Newnes",
edition = "",
address = "Oxford",
year = "2013",
pages = "227 - 267",
isbn = "978-0-12-416018-7",
doi = "http://dx.doi.org/10.1016/B978-0-12-416018-7.00007-9",
url = "http://www.sciencedirect.com/science/article/pii/B9780124160187000079",
author = "David Kleidermacher",
}

@article{vmwarevirtualization,
  title={Understanding full virtualization, paravirtualization and hardware assist},
  author={Horne, Chris},
  journal={White paper, VMware Inc},
  year={2007},
}

@inproceedings{practicalmicrokernel,
  title={A practical look at micro-kernels and virtual machine monitors},
  author={Armand, Fran{\c{c}}ois and Gien, Michel},
  booktitle={Consumer Communications and Networking Conference, 2009. CCNC 2009. 6th IEEE},
  pages={1--7},
  year={2009},
  organization={IEEE}
}

@incollection{mbdaerospaceverification,
  title={Towards scalable verification of commercial avionics software},
  author={Bhatt, Devesh and Madl, Gabor and Oglesby, David and Schloegel, Kirk},
  booktitle={AIAA Infotech@ Aerospace 2010},
  pages={3452},
  year={2010}
}

@MISC{zedboard,
    title  = "Xilinx ZedBoard All Programmable System on Chip.",
    Note   = "\url{http://zedboard.org/product/zedboard}",
}

@MISC{FMCMOTCON2,
    title  = "Analog Device AD-FMCMOTCON2-EBZ motor evaluation kit.",
    Note   = "\url{http://www.analog.com/en/design-center/evaluation-hardware-and-software/evaluation-boards-kits/Eval-FMCMOTCON2.html}",
}

@MISC{PikeosScheduling,
	title = "PikeOS Safe Real-Time Scheduling. Adaptive Time-Partitioning Scheduler for EN 50128 certified Multi-Core Platforms.",
    Note = "SYSGO Whitepaper",
}

@book{buttazzoRT,
  title={Hard real-time computing systems: predictable scheduling algorithms and applications},
  author={Buttazzo, Giorgio},
  volume={24},
  year={2011},
  publisher={Springer Science \& Business Media}
}

@book{blazewiczScheduling,
  title={Scheduling Computer and Manufacturing Processes},
  author={B{\l}a{\.z}ewicz, Jacek and Ecker, Klaus H and Pesch, Erwin and Schmidt, G{\"u}nter and Weglarz, Jan},
  year={2013},
  publisher={Springer Science \& Business Media}
}

@article{LRKB77,
  title={Complexity of Machine Scheduling Problems},
  author={Lenstra, Jan Karel and Kan, AHG Rinnooy and Brucker, Peter},
  journal={Annals of discrete mathematics},
  volume={1},
  pages={343--362},
  year={1977},
  publisher={Elsevier}
}

@article{bratleyScheduling,
  title={Scheduling with Earliest Start and Due Date Constraints},
  author={Bratley, Paul and Florian, Michael and Robillard, Pierre},
  journal={Naval Research Logistics Quarterly},
  volume={18},
  number={4},
  pages={511--519},
  year={1971},
  publisher={Wiley Online Library}
}

@inproceedings{polyLP,
  title={A New Polynomial-time Algorithm for Linear Programming},
  author={Karmarkar, Narendra},
  booktitle={Proceedings of the sixteenth annual ACM symposium on Theory of computing},
  pages={302--311},
  year={1984},
  organization={ACM}
}

@MISC{SFunctions,
    title  = "Simulink Engine Interaction with C S-Functions.",
    Note   = "\url{https://www.mathworks.com/help/simulink/sfg/how-the-simulink-engine-interacts-with-c-s-functions.html}",
}

@MISC{BlockTLC,
    title  = "Block Target File Methods.",
    Note   = "\url{https://www.mathworks.com/help/rtw/tlc/block-target-file-methods.html?searchHighlight=BlockInstanceSetup&s\_tid=doc\_srchtitle}",
}

@BOOK{PeterCorke2011,
title = {Robotics, Vision and Control Fundamental Algorithms in MATLAB},
publisher = {Berlin: Springer},
year = {2011},
author = {Peter Corke.},
isbn = {9783642201448},
series = {1. ed. 2011, corr. 2. print.},
url = {http://www.worldcat.org/oclc/755906687?referer=xid},
language = {eng},
lccn = {2011934624},
}

@misc{MorelliSee,
  author = {Matteo Morelli},
  title = {Simple Simulink to Ecore Exporter},
  year = {2015},
  publisher = {GitHub},
  journal = {GitHub repository},
  howpublished = {\url{https://github.com/m-morelli/see\_simple}},
}

@book{separationkernel,
  title={Design and verification of secure systems},
  author={Rushby, John M},
  volume={15},
  number={5},
  year={1981},
  publisher={ACM}
}

@MISC{mils,
    author = {EURO-MILS},
    title = {Secure European Virtualisation for Trustworthy Applications in Critical Domains, Common Criteria Protection Profile},
    year = {2015},
}

@book{grama2003,
  title={Introduction to parallel computing},
  author={Grama, Ananth},
  year={2003},
  publisher={Pearson Education}
}

@article{speedup,
  title={Speedup versus efficiency in parallel systems},
  author={Eager, Derek L and Zahorjan, John and Lazowska, Edward D},
  journal={IEEE Transactions on Computers},
  volume={38},
  number={3},
  pages={408--423},
  year={1989},
  publisher={IEEE}
}

@incollection{dependability,
  title={Dependability: Basic concepts and terminology},
  author={Laprie, Jean-Claude},
  booktitle={Dependability: Basic Concepts and Terminology},
  pages={3--245},
  year={1992},
  publisher={Springer}
}

@INPROCEEDINGS{robustpartitioning, 
 author={X. Jean and D. Faura and M. Gatti and L. Pautet and T. Robert}, 
 booktitle={2012 IEEE/AIAA 31st Digital Avionics Systems Conference (DASC)}, 
 title={Ensuring robust partitioning in multicore platforms for IMA systems}, 
 year={2012}, 
 pages={7A4-1-7A4-9}, 
 doi={10.1109/DASC.2012.6382408}, 
 ISSN={2155-7195}, 
 month={Oct},
}

@techreport{goldenrule,
  title={Partitioning in avionics architectures: Requirements, mechanisms, and assurance},
  author={Rushby, John},
  year={2000},
  institution={DTIC Document}
}

@inproceedings{goldenruleinvariant,
  title={Invariant performance: A statement of task isolation useful for embedded application integration},
  author={Wilding, Matthew M and Hardin, David S and Greve, David A},
  booktitle={Dependable Computing for Critical Applications 7, 1999},
  pages={287--300},
  year={1999},
  organization={IEEE}
}

@book{computerarchitecture,
  title={Computer architecture: a quantitative approach},
  author={Patterson, David A},
  year={2011},
  publisher={Elsevier}
}
%------------------------------------------------------------------------
